% file: rdt-composite.bib

@inproceedings{Burckhardt:POPL14,
 author = {Burckhardt, Sebastian and Gotsman, Alexey and Yang, Hongseok and Zawirski, Marek},
 title = {Replicated Data Types: Specification, Verification, Optimality},
 booktitle = {Proceedings of the 41st ACM SIGPLAN-SIGACT Symposium on Principles of Programming Languages},
 series = {POPL '14},
 year = {2014},
 isbn = {978-1-4503-2544-8},
 location = {San Diego, California, USA},
 pages = {271--284},
 numpages = {14},
 url = {http://doi.acm.org/10.1145/2535838.2535848},
 doi = {10.1145/2535838.2535848},
 acmid = {2535848},
 publisher = {ACM},
 address = {New York, NY, USA},
} 

@inproceedings{Gotsman:ESOP15,
  title={Composite replicated data types},
  author={Gotsman, Alexey and Yang, Hongseok},
  booktitle={European Symposium on Programming Languages and Systems},
  pages={585--609},
  year={2015},
  organization={Springer}
}

@inproceedings{Lasp:PPDP15,
 author = {Meiklejohn, Christopher and Van Roy, Peter},
 title = {Lasp: A Language for Distributed, Coordination-free Programming},
 booktitle = {Proceedings of the 17th International Symposium on Principles and Practice of Declarative Programming},
 series = {PPDP '15},
 year = {2015},
 isbn = {978-1-4503-3516-4},
 location = {Siena, Italy},
 pages = {184--195},
 numpages = {12},
 url = {http://doi.acm.org/10.1145/2790449.2790525},
 doi = {10.1145/2790449.2790525},
 acmid = {2790525},
 publisher = {ACM},
 address = {New York, NY, USA},
}

@inproceedings{Jaga:ICALP15,
 author = {Jagadeesan, Radha and Riely, James},
 title = {From Sequential Specifications to Eventual Consistency},
 booktitle = {Proceedings, Part II, of the 42Nd International Colloquium on Automata, Languages, and Programming - Volume 9135},
 series = {ICALP 2015},
 year = {2015},
 isbn = {978-3-662-47665-9},
 location = {Kyoto, Japan},
 pages = {247--259},
 numpages = {13},
 url = {https://doi.org/10.1007/978-3-662-47666-6_20},
 doi = {10.1007/978-3-662-47666-6_20},
 acmid = {2958697},
 publisher = {Springer-Verlag},
 address = {Berlin, Heidelberg},
} 
